% bmc_article.bib
% 
%  An example of bibtex entries.
%  Entries taken from BMC instructions for authors page.

% uncomment next line to make author-year bibliography
% @settings{label, options="nameyear"}

% Article within conference proceedings
%
@inproceedings{gomez2017reversible,
  title={The reversible residual network: Backpropagation without storing activations},
  author={Gomez, Aidan N and Ren, Mengye and Urtasun, Raquel and Grosse, Roger B},
  booktitle={Advances in Neural Information Processing Systems},
  pages={2214--2224},
  year={2017}
}
